@article{Tallon:2010:UDI:1735223.1735253,
 author = {Tallon, Paul P.},
 title = {Understanding the dynamics of information management costs},
 journal = {Commun. ACM},
 issue_date = {May 2010},
 volume = {53},
 number = {5},
 month = may,
 year = {2010},
 issn = {0001-0782},
 pages = {121--125},
 numpages = {5},
 url = {http://doi.acm.org/10.1145/1735223.1735253},
 doi = {10.1145/1735223.1735253},
 acmid = {1735253},
 publisher = {ACM},
 address = {New York, NY, USA},
} 

@techreport{NIST800:144,
    address = {Gaithersburg, MD},
    institution = {NIST},
    publisher = {Dept of Commerce National Inst of Standards and Technology (NIST)},
    title = {Guidelines on Security and Privacy in Public Cloud Computing},
    year = {2011}
}

@techreport{NIST800:12,
    address = {Gaithersburg, MD},
    institution = {NIST},
    publisher = {Dept of Commerce National Inst of Standards and Technology (NIST)},
    title = {An Introduction to Computer Security: The NIST Handbook},
    year = {1995}
}

@techreport{NIST800:95,
    address = {Gaithersburg, MD},
    institution = {NIST},
    publisher = {Dept of Commerce National Inst of Standards and Technology (NIST)},
    title = {Guide to Secure Web Services},
    year = {2007}
}

@book{OrangeBook,
  title={Trusted network interpretation of the Trusted computer system evaluation criteria},
  author={National Computer Security Center (U.S.)},
  series={NCSC-TG},
  year={1985},
  publisher={National Computer Security Center}
}

@book{RedBook,
  title={Trusted network interpretation of the Trusted computer system evaluation criteria},
  author={National Computer Security Center (U.S.)},
  series={NCSC-TG},
  year={1987},
  publisher={National Computer Security Center}
}

@TECHREPORT{CommonCriteria,
AUTHOR="G. Deloche",
TITLE="Common Criteria for Information Technology Security Evaluation",
INSTITUTION="ISO/IEC",
NUMBER=15408
}

@book{Tanenbaum:1985:CN:536716,
 author = {Tanenbaum, Andrew S.},
 title = {Computer Networks},
 year = {1985},
 isbn = {0131651838},
 publisher = {Prentice Hall PTR},
 address = {Upper Saddle River, NJ, USA},
} 

@ARTICLE{6231276,
author={Ahlgren, B. and Dannewitz, C. and Imbrenda, C. and Kutscher, D. and Ohlman, B.},
journal={Communications Magazine, IEEE}, title={A survey of information-centric networking},
year={2012},
month={july },
volume={50},
number={7},
pages={26 -36},
keywords={API;ICN;Internet;disruption;failure analysis;in-network caching;information centric networking;interaction model decoupling receiver;interaction model decoupling sender;multiparty communication;named data object;network infrastructure service;network routing;replication model;resilience;security;Internet;cache storage;computer network security;content management;failure analysis;},
doi={10.1109/MCOM.2012.6231276},
ISSN={0163-6804},}

@article{Koponen:2007:DNA:1282427.1282402,
 author = {Koponen, Teemu and Chawla, Mohit and Chun, Byung-Gon and Ermolinskiy, Andrey and Kim, Kye Hyun and Shenker, Scott and Stoica, Ion},
 title = {A data-oriented (and beyond) network architecture},
 journal = {SIGCOMM Comput. Commun. Rev.},
 issue_date = {October 2007},
 volume = {37},
 number = {4},
 month = aug,
 year = {2007},
 issn = {0146-4833},
 pages = {181--192},
 numpages = {12},
 url = {http://doi.acm.org/10.1145/1282427.1282402},
 doi = {10.1145/1282427.1282402},
 acmid = {1282402},
 publisher = {ACM},
 address = {New York, NY, USA},
 keywords = {data, internet architecture, middleboxes, name resolution, naming},
}

@inproceedings{Ghodsi:2011:NCA:2018584.2018586,
 author = {Ghodsi, Ali and Koponen, Teemu and Rajahalme, Jarno and Sarolahti, Pasi and Shenker, Scott},
 title = {Naming in content-oriented architectures},
 booktitle = {Proceedings of the ACM SIGCOMM workshop on Information-centric networking},
 series = {ICN '11},
 year = {2011},
 isbn = {978-1-4503-0801-4},
 location = {Toronto, Ontario, Canada},
 pages = {1--6},
 numpages = {6},
 url = {http://doi.acm.org/10.1145/2018584.2018586},
 doi = {10.1145/2018584.2018586},
 acmid = {2018586},
 publisher = {ACM},
 address = {New York, NY, USA},
 keywords = {content, naming, scalability, security},
}

@INPROCEEDINGS{4698847,
author={D'Ambrosio, M. and Fasano, P. and Marchisio, M. and Vercellone, V. and Ullio, M.},
booktitle={Global Telecommunications Conference, 2008. IEEE GLOBECOM 2008. IEEE}, title={Providing Data Dissemination Services in the Future Internet},
year={2008},
month={30 2008-dec. 4},
volume={},
number={},
pages={1 -6},
keywords={ISP network infrastructure;Internet service provider;P2P overlay network;data dissemination service;global information network;Internet;information dissemination;peer-to-peer computing;},
doi={10.1109/GLOCOM.2008.ECP.1072},
ISSN={1930-529X},}

@article{Leighton:2008:IPI:1466443.1466449,
 author = {Leighton, Tom},
 title = {Improving Performance on the Internet},
 journal = {Queue},
 issue_date = {October 2008},
 volume = {6},
 number = {6},
 month = oct,
 year = {2008},
 issn = {1542-7730},
 pages = {20--29},
 numpages = {10},
 url = {http://doi.acm.org/10.1145/1466443.1466449},
 doi = {10.1145/1466443.1466449},
 acmid = {1466449},
 publisher = {ACM},
 address = {New York, NY, USA},
} 

@article{Nygren:2010:ANP:1842733.1842736,
 author = {Nygren, Erik and Sitaraman, Ramesh K. and Sun, Jennifer},
 title = {The Akamai network: a platform for high-performance internet applications},
 journal = {SIGOPS Oper. Syst. Rev.},
 issue_date = {July 2010},
 volume = {44},
 number = {3},
 month = aug,
 year = {2010},
 issn = {0163-5980},
 pages = {2--19},
 numpages = {18},
 url = {http://doi.acm.org/10.1145/1842733.1842736},
 doi = {10.1145/1842733.1842736},
 acmid = {1842736},
 publisher = {ACM},
 address = {New York, NY, USA},
 keywords = {Akamai, CDN, DNS, HTTP, application acceleration, content delivery, fault tolerance, overlay networks, quality of service, streaming media},
} 

@MISC {CCNx,
  title = "{CCN}x",
  month = "September",
  year = 2012,
  howpublished = "{http://www.ccnx.org/}"
}

@MISC {NDN,
  title = "{N}amed {D}ata {N}etworking",
  month = "September",
  year = 2012,
  howpublished = "{http://named-data.org/}"
}

@MISC {PSIRP,
  title = "{PSIRP}",
  month = "September",
  year = 2012,
  howpublished = "{http://www.psirp.org/}"
}

@MISC {NetInf,
  title = "{N}et{I}nf | {SAIL}",
  month = "September",
  year = 2012,
  howpublished = "{http://www.sail-project.eu/about-sail/netinf/}"
}

@MISC {parc,
  title = "{C}ontent-{C}entric {N}etworking - {P}arc, a {X}erox {C}ompany",
  month = "September",
  year = 2012,
  howpublished = "{http://www.parc.com/work/focus-area/content-centric-networking/}"
}

@MISC {xerox,
  title = "{B}enefits of {C}ontent-{C}entric {N}etworking",
  month = "September",
  year = 2012,
  howpublished = "{http://www.xerox.com/innovation/news-stories/networking/enus.html}"
}

@MISC {cisco-6500,
  title = "{C}isco {C}atalyst 6500 {S}eries {S}witches",
  month = "September",
  year = 2012,
  howpublished = "{http://www.cisco.com/en/US/products/hw/switches/ps708/index.html}"
}
