@MISC {proposal:rfc3198,
  title = "http://www.ietf.org/rfc/rfc3198",
  month = "November",
  year = 2011,
  howpublished = "{http://www.ietf.org/rfc/rfc3198}"
}

@MISC {proposal:openflow,
  title = "{O}penFlow - {E}nabling {I}nnovation in {Y}our {N}etwork",
  month = "November",
  year = 2011,
  howpublished = "{http://www.openflow.org}"
}

@MISC {proposal:onf,
  title = "{O}pen {N}etworking {F}oundation",
  month = "November",
  year = 2011,
  howpublished = "{https://www.opennetworking.org/}"
}

@MISC {proposal:sus,
  title = "{M}easuring {U}sability with the {S}ystem {U}sability {S}cale ({SUS})",
  month = "January",
  year = 2012,
  howpublished = "{http://www.measuringusability.com/sus.php}"
}

@MISC {proposal:iso-25020,
  title = "{ISO/IEC} 25020:2007",
  month = "January",
  year = 2012,
  howpublished = "{http://www.iso.org/iso/iso\_catalogue/catalogue\_tc/catalogue\_detail.htm?csnumber=35744}"
}

@INPROCEEDINGS{5958158,
author={Lepmets, M. and Ras, E. and Renault, A.},
booktitle={SRII Global Conference (SRII), 2011 Annual},
title={A Quality Measurement Framework for IT Services},
year={2011},
month={29 2011-april 2},
volume={},
number={},
pages={767 -774},
keywords={ISO/IEC 20000;ISO/IEC 25010;IT service quality;ITIL;SERVQUAL;process improvement;quality measurement framework;software engineering;software product quality model;IEC standards;ISO standards;quality management;software development management;software quality;},
doi={10.1109/SRII.2011.84},
ISSN={},}

@INPROCEEDINGS{4404172,
author={Al-Oqily, I. and Karmouch, A.},
booktitle={Global Information Infrastructure Symposium, 2007. GIIS 2007. First International},
title={Policy-Based Context-Aware Overlay Networks},
year={2007},
month={july},
volume={},
number={},
pages={85 -92},
keywords={context-aware overlay networks;network management system;policy decision point;policy enforcement point;computer network management;},
doi={10.1109/GIIS.2007.4404172},
ISSN={},}

@INPROCEEDINGS{4457175,
author={Perez, G.M. and Clemente, F.J.G. and Skarmeta, A.F.G.},
booktitle={Parallel, Distributed and Network-Based Processing, 2008. PDP 2008. 16th Euromicro Conference on},
title={Building and Managing Policy-Based Secure Overlay Networks},
year={2008},
month={feb.},
volume={},
number={},
pages={597 -603},
keywords={administrative domains;distributed services;multidomain scenarios;policy-based management;policy-based secure overlay networks;computer network management;protocols;security of data;telecommunication services;},
doi={10.1109/PDP.2008.92},
ISSN={1066-6192},}

@article{Blumenthal:2001:RDI:383034.383037,
 author = {Blumenthal, Marjory S. and Clark, David D.},
 title = {Rethinking the design of the Internet: the end-to-end arguments vs. the brave new world},
 journal = {ACM Trans. Internet Technol.},
 issue_date = {Aug. 2001},
 volume = {1},
 issue = {1},
 month = {August},
 year = {2001},
 issn = {1533-5399},
 pages = {70--109},
 numpages = {40},
 url = {http://doi.acm.org/10.1145/383034.383037},
 doi = {http://doi.acm.org/10.1145/383034.383037},
 acmid = {383037},
 publisher = {ACM},
 address = {New York, NY, USA},
 keywords = {ISP, Internet, end-to-end argument},
}

@MISC {proposal:gig-arch,
  title = "{D}epartment of {D}efense {G}lobal {I}nformation {G}rid {A}rchitectural {V}ision",
  month = "",
  year = 2011,
  howpublished = "{http://cio-nii.defense.gov/docs/GIGArchVision.pdf}"
}

@MISC {proposal:saic-breach-I,
  title = "{TRICARE} discloses {SAIC} breach: stolen backup tapes held data on 4.9 million (updated)",
  month = "October",
  year = 2011,
  howpublished = "{http://www.databreaches.net/?p=20816}"
}

@MISC {proposal:saic-breach-II,
  title = "{M}ilitary {H}ealth {P}lan {D}ata {B}reach {T}hreatens 4.9 {M}illion",
  month = "October",
  year = 2011,
  howpublished = "{http://www.informationweek.com/news/healthcare/security-privacy/231700161}"
}

@MISC {proposal:saic-breach-III,
  title = "{TRICARE} discloses {SAIC} breach: backup tapes held data on 4.9 million",
  month = "October",
  year = 2011,
  howpublished = "{http://www.phiprivacy.net/?p=7854}"
}

@MISC {proposal:borders-info-I,
  title = "{B}arnes and {N}oble pays for {B}orders customer data, sparking ethics debate",
  month = "October",
  year = 2011,
  howpublished = "{http://www.infusioncrm.com/barnes-and-noble-pays-for-borders-customer-data-sparking-ethics-debate}"
}

@MISC {proposal:borders-info-II,
  title = "{P}rivacy {A}lert: {B}arnes and {N}oble buys {B}orders customer list",
  month = "October",
  year = 2011,
  howpublished = "{http://www.broadbandexpert.com/blog/privacy/privacy-alert-barnes-and-noble-buys-borders-customer-list/}"
}

@MISC {proposal:borders-info-III,
  title = "{I}mportant {I}nformation {R}egarding the {R}ight of {B}orders {C}ustomers to {O}pt {O}ut of {T}ransfer of {P}ersonal {I}nformation to {B}arnes and {N}oble",
  month = "October",
  year = 2011,
  howpublished = "{http://www.ftc.gov/opa/2011/10/bordersbarnes.shtm}"
}

@MISC {proposal:info-sharing-strategy,
  title = "{D}o{D} {I}nformation {S}haring {S}trategy",
  month = "May",
  year = 2007,
  howpublished = "{http://cio-nii.defense.gov/docs/InfoSharingStrategy.pdf}"
}

@MISC {proposal:nsa-cloud,
  title = "{NSA} {P}ursues {I}ntelligence-{S}haring {A}rchitecture",
  month = "April",
  year = 2011,
  howpublished = "{http://www.informationweek.com/news/government/cloud-saas/229401646}"
}

@MISC {proposal:assured-info-sharing,
  title = "{A}ssured {I}nformation {S}haring in {C}louds",
  month = "August",
  year = 2011,
  howpublished = "{http://www.zyn.com/sbir/sbres/sttr/dod/af/af11-bt30.htm}"
}

@inproceedings{proposal:bah-arch,
    author = "Booz and Allen and Hamilton",
    title = "Distributed Service Oriented Architecture (SOA) Compatible Cross Domain Service (DSCDS)",
    publisher = "Presented at the Unified Cross Domain Management Office Conference",
    year = 2009
}

@inproceedings{proposal:nsa-arch,
    author = "NSA",
    title = "Distributed Service Oriented Architecture (SOA)- Compatible Cross Domain Service (DSCDS) DSCDS Overview",
    publisher = "Presented at the Unified Cross Domain Management Office Conference",
    year = 2009
}

@inproceedings{proposal:raytheon-arch,
    author = "Ostermann, Jason",
    title = "Raytheon DSCDS Intro",
    publisher = "Presented at the Unified Cross Domain Management Office Conference",
    year = 2009
}

@inproceedings{proposal:ron-ross,
    author = "Ross, Ron",
    title = "Next Generation Risk Management",
    publisher = "Presented at the Unified Cross Domain Management Office Conference",
    year = 2009
}

@INPROCEEDINGS{proposal:privacy-security-trust-cloud,
  author={Pearson, S. and Benameur, A.},
  booktitle={Cloud Computing Technology and Science (CloudCom), 2010 IEEE Second International Conference on}, title={Privacy, Security and Trust Issues Arising from Cloud Computing},
  year={2010},
  month={30 2010-dec. 3},
  volume={},
  number={},
  pages={693 -702},
  keywords={cloud computing;data security;large scale infrastructures;on-demand provisioning mechanism;pay-per-use business model;privacy mechanisms;storage resources;trust issues;cloud computing;data privacy;},
  doi={10.1109/CloudCom.2010.66},
ISSN={},}