@InProceedings{Abdelzaher-SIGMETRICS-2008,
 author = {Tarek Abdelzaher and Yixin Diao and Joseph L. Hellerstein and Chenyang Lu and Xiaoyun Zhu},
 title = {Introduction to Control Theory and its Application to Computing Systems},
 booktitle = {SIGMETRICS Tutorial},
 pages = {185 -- 215},
 year = {2008},
 address = {Annapolis, MD},
 month = {June},
}

@InProceedings{Fu-FeBID-2009,
 author = {Yong Fu and Chenyang Lu and Hongan Wang},
 title = {Control-Theoretic Thermal Balancing for Clusters},
 booktitle = {International Workshop on Feedback Control Implementation and Design in Computing Systems and Networks (FeBID'09)},
 OPTcrossref = {},
 OPTpages = {},
 year = {2009},
 OPTaddress = {},
 month = {April},
 note = {Invited paper}
}

@InProceedings{Fu-IPDPS-2010,
 author = {Yong Fu and Chenyang Lu and Hongan Wang},
 title = {Robust Control-theoretic Thermal Balancing for Server Clusters},
 booktitle = {IEEE International Parallel and Distributed Processing Symposium (IPDPS'10)},
 OPTcrossref = {},
 OPTpages = {},
 year = {2010},
 OPTaddress = {},
 month = {April}
}

@InProceedings{Yao-ACC-2010,
 author = {Jianguo Yao and Xue Liu and Xi Chen and Xiaouri Wang and Jian Li},
 title = {Online Decentralized Adaptive Optimal Controller Design of CPU Utilization for Distributed Real-Time Embedded Systems},
 booktitle = {Proceedings of the 2010 American Control Conference (ACC'10)},
 pages = {283--288},
 year = {2010},
 address = {Baltimore, MD},
 month = {June}
}

@InProceedings{Poussot-Vassal-ACC-2010,
 author = {Charles Poussot-Vassal and Mara Tanelli and Marco Lovera},
 title = {Linear parametrically Varying MPC for Combined Quality of Service and Energy Management in Web Service Systems},
 booktitle = {Proceedings of the 2010 American Control Conference (ACC'10)},
 pages = {3106--3111},
year = {2010},
 address = {Baltimore, MD},
 month = {June}
}

@Article{Abdelwahed-2010-Trans,
 author = {Sherif Abdelwahed and Jia Bai and Rong Su and Nagarajan Kandasamy},
 title = {On the Application of Predictive Control Techniques for Adaptive Performance Management of Computing Systems},
 journal = {IEEE Transactions on Network and Service Management},
 year = {2009},
 volume = {6},
 number = {4},
 pages = {212 -- 225},
 OPTmonth = {December},
}

@Book{Pedregal-2004,
 title = {Text in Applied Mathematics. Introduction to Optimization},
 publisher = {Springer},
 year = {2004},
 author = {Pablo Pedregal},
 ALTALTeditor = {J. E. Marsden and L. Sirovich and S.S. Antman},
}

@Article{Zhu-2009,
 author = {Xiaoyun Zhu and Mustafa Uysal and Zhikui Wang and Sharad Singhal and Arif Merchant and Pradeep Padala and Kang Shin},
 title = {What Does Control Theory Bring to System Research?},
 journal = {ACM SIGOPS Operating Systems Review},
 year = {2009},
 volume = {43},
 number = {1},
 pages = {62--69},
 month = {January},
}

@InProceedings{Padala-2009,
 author = {Pradeep Padala and Kai-Yuan Hou and Kang G. Shin and Xiaoyun Zhu and Mustafa Uysal and Zhikui Wang and Sharad Singhal and Arif Merchant},
 title = {Automated Control of Multiple Virtualized Resources},
 booktitle = {Proceedings of the 4th ACM European conference on Computer systems},
 pages = {13--26},
 year = {2009},
 address = {Nuremberg, Germany},
 month = {March},
 publisher = {ACM},
}

@Article{Wang-2010,
 author = {Zhikui Wang and Niraj Tolia and Cullen Bash},
 title = {Opportunities and Challenges to Unify Workload, Power and Cooling Management in Data Centers},
 journal = {ACM SIGOPS Operating Systems Review},
 year = {2010},
 volume = {44},
 number = {3},
 pages = {41-46},
 month = {July},
}

@Article{Arnaud-2010,
 author = {Jean Arnaud},
 title = {Automated Control of Internet Service},
 journal = {ACM SIGOPS Operating Systems Review},
 year = {2010},
 volume = {44},
 number = {3},
 pages = {47-52},
 month = {July},
}

@Article{Malrait-2010,
 author = {Luc Malrait},
 title = {QoS-Oriented Control of Server Systems},
 journal = {ACM SIGOPS Operating Systems Review},
 year = {2010},
 volume = {44},
 number = {3},
 pages = {59-64},
 month = {July},
}

@TechReport{Environment-2007,
 author = {},
 title = {Report to Congress on Server and Data Center Energy Efficiency, public law},
 institution = {U. S. Environmental Protection Agency (EPA)},
 year = {2007},
 month = {August},
}

# This is for cloud computing

@InProceedings{padala-febid-2009,
 author = {Pradeep Padala and Mustafa Uysal and Arif Merchant and Xiaoyun Zhu and Sharad Singhal and Kang G. Shin},
 title = {Performance Differentiation for Multi-port Arrays: A Control-Theoretic Approach},
 booktitle = {Proceedings of 4th International Workshop on Feedback Control Implementation and Design in Computing Systems and Networks (FEBID'09)},
 OPTpages = {},
 year = {2009},
 month = {April},
}

@TechReport{Hilley-2009,
 author = {David Hilley},
 title = {Cloud Computing: A Taxonomy of Platform and Infrastructure-level Offerings},
 institution = {Georgia Institute of Technology},
 year = {2009},
 month = {April},
}

@InProceedings{Nathuji-2010,
 author = {Ripal Nathuji and Aman Kansal and Alireza Ghaffarkhah},
 title = {Q-Clouds: Managing Performance Interference Effects for QoS-Aware Clouds},
 booktitle = {Proceedings of the ACM European Society in Systems Conference 2010},
 pages = {237--250},
 year = {2010},
 address = {Paris, France},
 month = {April},
}

@inproceedings{Lee10,
  author =       {Gunho Lee and Niraj Tolia and Parthasarathy
                  Ranganathan and Randy H. Katz},
  title =        {Topology-Aware Resource Allocation for
                  Data-Intensive Workloads},
  booktitle =    {Proceedings of the 1st ACM Asia-Pacific Workshop on
                  Systems (ApSys2010)},
  year =         2010,
  address =      {New Delhi, India},
  month =        {August},
}

@InProceedings{Parolini-2010,
 author = {Luca Parolini and Niraj Tolia and Bruno Sinopoli and Bruce H. Krogh},
 title = {A Cyber-Physical Systems Approach to Energy Management in Data Centers},
 booktitle = {Proceedings of the First International Conference on Cyber-Physical Systems},
 OPTyear = {2010},
 OPTaddress = {Stockholm, Sweden},
 OPTmonth = {April},
}

@InProceedings{Heo-2009,
 author = {Jin Heo and Xiaoyun Zhu and Pradeep Padala and Zhikui Wang},
 title = {Memory Overbooking and Dynamic Control of Xen Virtual Machines in Consolidated Environments},
 booktitle = {Proceedings of the IFIP/IEEE Symposium on Integrated Management (IM'09) mini-conference},
 pages = {630--637},
 year = {2009},
 address = {Long Island, NY},
 month = {June},
}


# This is for power management

@InProceedings{Chen-2005,
 author = {Y. Chen and A. Das and W. Qin and A.Sivasubramanian and Q. Wang N. Gautam},
 title = {Managing Server Energy and Operational Costs in Hosting Centers},
 booktitle = {Proceedings of the ACM Join International Conference on Measurement and Modeling of Computer Systems SIGMETRICS'05},
 year = {2005},
 month = {June},
}

@InProceedings{Lefurgy-2007,
 author = {C. Lefurgy and X. Wang and W. Ware},
 title = {Server-Level Power Control},
 booktitle = {IEEE International Conference on Autonomic Computing ICAC'07},
 year = {2007},
 address = {Jacksonville, FL},
 month = {July},
}

@InProceedings{Ayoub-2010,
 author = {R. Ayoub and S. Sharifi and T. Simunic Rosing},
 title = {Gentlecool: Cooling Aware Proactive Workload Scheduling in Multi-machine Systems},
 booktitle = {Design, Automation \& Test in Europe Conference \& Exhibition (DATE), 2010},
 pages = {295--298},
 year = {2010},
 address = {Dresden},
 OPTmonth = {March},
}

@inproceedings{Tolia09,
  author =       {Niraj Tolia and Zhikui Wang and Parthasarathy
                  Ranganathan and Cullen Bash and Manish Marwah and
                  Xiaoyun Zhu},
  title =        {Unified Power and Cooling Management in Server Enclosures},
  booktitle =    {Proceedings of the ASME/Pacific Rim Electronic
                  Packaging Technical Conference and Exhibition
                  (InterPACK '09)},
  year =         2009,
  address =      {San Francisco, CA},
  month =        {july},
}

@InProceedings{Liu-2007,
 author = {X. Liu and X. Zhu and P. Pradeep and Z. Wang and S. Sharad},
 title = {Optimal Multivarite Control for Differentiated Services on a Shared Hosting Platform},
 booktitle = {IEEE Conference on Decision and Control},
 pages = {3792--3799},
 OPTyear = {2007},
 address = {New Orleans, LA},
 month = {December},
}


@InProceedings{Elnozahy-2002,
 author = {E. N. Elnozahy and M. Kistler and R. Rajamony},
 title = {Energy-efficient Server Clusters},
 booktitle = {Workshop on Power Aware Computing Systems},
 pages = {179--196},
 year = {2002},
 address = {Cambridge, MA},
 month = {February},
}

@InProceedings{Abdallah-2011,
 author = {C. T. Abdallah and Jos\'e Marcio Luna},
 title = {Control in Computing Systems: Part I},
 booktitle = {IEEE Multi-Conference on Systems and Control},
 year = {2011},
 address = {Denver, CO},
 month = {September},
 note = {Accepted},
}

@article{He:09,
 author = {Joseph L. Hellersetin and Sharad Singhal and Qian Wang},
 title = {Research Challenges in Control Engineering of Computing Systems},
 journal = {IEEE Transactions on Network and Management},
 volume = {6},
 number = {4},
 year = {2009},
 pages = {206-211},
 }

@article(An:09,
author = {Martin A. Kj{\ae}r and Maria Kihl and Anders Robertsson},
title = "Resource Allocation and Disturbance Rejection in
Web Servers using SLAs and VirtualizedThe Role of the Standards Process in Shaping the Internet",
journal = "IEEE Transactions on Network Service Management",
volume = "6",
number = "4",
pages = "226-239",
year = {2009})

@article{Pi:08,
 author = {J.L. Piovesan and C.T. Abdallah and H. Tanner},
 title = {A Hybrid Framework for Resource Allocation among Multiple Agents Moving on Discrete Environments},
 journal = {Asian Journal of Control},
 volume = {10},
 number = {2},
 year = {2008},
 pages = {171-186},
 }

@article (Ta:08,
author = {Z. Tang and J.D. Birdwell and J. Chiasson and C.T. Abdallah and M.M. Hayat},
title = {Resource-Constrained Load Balancing Controller for a Parallel Database},
journal = {IEEE Transactions on Control Systems Technology},
volume = {16},
number = {4},
pages = {834-840},
year = {2008})

@article(Ca:04,
author={Dirceu Cavendish and Mario Gerla and Saverio Mascolo},
title={A control theoretical approach to congestion control in packet networks},
journal={IEEE/ACM Trans. Networkng},
Vol=12,
Number=5,
pages={893-906},
year= 2004
)

@conference(HeJaKhHr:07,
 author = {Gregory L. Heileman and Pramod A. Jamkhedkar and Joud Khoury and Curtis J. Hrncir},
 title = {{DRM} Game},
 booktitle = {Proceedings of the Seventh ACM Workshop on Digital Rights Management},
 address = {Alexandria, VA},
 pages = {54-62},
 month = {Oct.},
 year = {2007})

@conference(idea,
 author = { Gregory L. Heileman and Henry Jerez and  Pramod A. Jamkhedkar and Joud Khoury},
 title = {{T}he {I}ndirect {DRM} {E}valuation {A}rchitecture},
 booktitle = {Proceedings of the 5th International Workshop for Technical, Economic and Legal Aspects
of Business Models for Virtual Goods},
 address = {Koblenz, Germany},
 month = {Oct.},
 year = {2007}) 

  @conference(HeJeJaKh:07,
 author = {Gregory L. Heileman and Henry Jerez and Pramod A. Jamkhedkar and Joud Khoury},
 title = {Indirect {DRM} Evaluation Architecture},
 booktitle = {Proceedings of the 5th International Workshop for Technical, Economic and Legal Aspects 
of Business Models for Virtual Goods},
 address = {Koblenz, Germany},
 month = {Oct.},

 year = {2007})
